@inbook{inbook,
author = {Sefat, Abdullah Al and Rasiq, G.M. Rasiqul Islam and Nawjis, Nafiul and Mehedi, Sk},
year = {2021},
month = {01},
pages = {163-171},
title = {CPU Performance Prediction Using Various Regression Algorithms},
isbn = {978-981-33-4086-2},
doi = {10.1007/978-981-33-4087-9_14}
}

@book{ross2020introduction,
  title={Introduction to Probability and Statistics for Engineers and Scientists},
  author={Ross, Sheldon M},
  year={2020},
  publisher={Academic Press}
}

@book{bruce2017practical,
  title={Practical Statistics for Data Scientists},
  author={Bruce, Peter and Bruce, Andrew},
  year={2017},
  publisher={O'Reilly}
}

@book{montgomery2006applied,
  title={Applied Statistics and Probability for Engineers},
  author={Montgomery, Douglas C and Runger, George C},
  year={2006},
  edition={6th},
  publisher={Wiley}
}

@book{10.5555/579802,
  author = {Stallings, William},
  title = {Computer Organization and Architecture},
  year = {2002},
  isbn = {0130351199},
  publisher = {Prentice Hall Professional Technical Reference},
  edition = {6th},
}

@book{dung2019xac,
  title={Xác suất - Thống kê \& Phân tích số liệu},
  author={Nguyễn Tiến Dũng (chủ biên) và Nguyễn Đình Huy},
  year={2019},
  publisher = {Đại học Quốc gia TP. Hồ Chí Minh},
}

@misc{lms_hcmut,
  author = {Phan Thị Khánh Vân},
  title = {Lecture notes on {P}robability and {S}tatistics, {LMS} - {HCMUT}},
  howpublished = {\url{https://lms.hcmut.edu.vn}},
  year = {2024},
  note = {Accessed: May 2024}
}

@misc{github,
  author = {Github},
  title = {Hands-{O}n {P}rogramming with {R}},
  howpublished = {\url{https://rstudio-education.github.io/hopr/basics.html}},
  note = {Accessed: May 2024}
}

@misc{youtube_r,
  author = {[Học một chút]},
  title = {Thống kê trong {R}-{S}tudio},
  howpublished = {\url{https://youtube.com/playlist?list=PL9XZJEFXvG9E9HJn2n1Gu_TLAsVPc1MkJ&feature=shared}},
  year = {2021},
  note = {Accessed: May 2024}
}

@misc{intel_cpu,
  author = {Intel},
  title = {What Is {C}lock {S}peed?},
  howpublished = {\url{https://www.intel.com/content/www/us/en/gaming/resources/cpu-clock-speed.html}},
  note = {Accessed: May 2024}
}

@misc{kaggle,
  author = {ILISSEK},
  title = {Computer {P}arts ({CPU}s and {GPU}s)},
  howpublished = {\url{https://www.kaggle.com/datasets/iliassekkaf/computerparts}},
  year = {2017},
  note = {Accessed: April 2024}
}

\end{filecontents*}